@article{perspcorrect,
	author = {Matthias Zwicker and Jussi R\"{a}s\"{a}nen and Mario Botsch and Carsten Dachsbacher and Mark Pauly},
	title = {Perspective accurate splatting},
	journal = {Proceedings of Graphics Interface},
	year = {2004},
	pages = {247--254}
}

@article{affinely,
	author = {Mario Botsch and Leif Kobbelt},
	title = {High-quality point-based rendering on modern GPUs},
	journal = {Pacific Graphics 2003},
	year = {2003},
	pages = {335--343}
}

@article{perspective,
	author = {Mario Botsch and Michael Spernat and Leif Kobbelt},
	title = {Phong splatting},
	journal = {Proceedings of Symposium on Point-based Graphics 2004},
	year = {2004},
	pages = {25--32}
}

@article{Efficient_screen,
	author = {Ga{\"e}l Guennebaud and Mathias Paulin},
	title = {Efficient screen space approach for Hardware Accelerated Surfel Rendering},
	journal = {Vision, Modeling and Visualization},
	year = {2003},
	pages = {485--495}
}

@article{surface_splatting,
	author = {Matthias Zwicker and Hanspeter Pfister and Jeroen van Baar and Markus Gross},
	title = {Surface splatting},
	journal = {Computer Graphics, SIGRAPH 2001 Proceedings},
	year = {2001},
	pages = {371--378}
}

@article{qsplat,
	author = {Szymon Rusinkiewicz and Marc Levoy},
	title = {QSplat: A multiresolution point-rendering system for large meshes},
	journal = {Computer Graphics, SIGRAPH 2000 Proceedings},
	year = {2000},
	pages = {343--352}
}

